<record xmlns="http://www.loc.gov/MARC21/slim" xmlns:xsi="http://www.w3.org/2001/XMLSchema-instance" xsi:schemaLocation="http://www.loc.gov/MARC21/slim http://www.loc.gov/standards/marcxml/schema/MARC21slim.xsd"><leader>     nam a22        4500</leader><controlfield tag="001">001699420</controlfield><controlfield tag="003">NNU</controlfield><controlfield tag="006">m        d        </controlfield><controlfield tag="007">cr cn |||m|||a</controlfield><controlfield tag="008">150313s1957    ir      ob    000 0dara d</controlfield><datafield ind1=" " ind2=" " tag="040"><subfield code="a">NNU</subfield><subfield code="b">eng</subfield><subfield code="c">NNU</subfield></datafield><datafield ind1="0" ind2=" " tag="041"><subfield code="a">ara</subfield><subfield code="a">per</subfield></datafield><datafield ind1=" " ind2=" " tag="043"><subfield code="a">a-ir---</subfield></datafield><datafield ind1=" " ind2=" " tag="066"><subfield code="c">(3</subfield><subfield code="c">(4</subfield></datafield><datafield ind1=" " ind2=" " tag="090"><subfield code="a">PK6413</subfield><subfield code="b">.T6</subfield></datafield><datafield ind1="0" ind2="0" tag="245"><subfield code="6">880-01</subfield><subfield code="a">&#699;Adad min bulagh&#257;&#700; &#298;r&#257;n f&#299; lughah al-&#699;Arab</subfield><subfield code="h">[electronic resource] :</subfield><subfield code="b">wa-nukhab min &#257;th&#257;rihim /</subfield><subfield code="c">Q&#257;sim T&#363;ysirk&#257;n&#299;.</subfield></datafield><datafield ind1=" " ind2=" " tag="260"><subfield code="6">880-02</subfield><subfield code="a">&#7788;ihr&#257;n :</subfield><subfield code="b">Ch&#257;pikh&#257;nah-&#700;i D&#257;nishg&#257;h,</subfield><subfield code="c">1336 [i.e. 1957].</subfield></datafield><datafield ind1=" " ind2=" " tag="300"><subfield code="a">online resource (11, 190 p.)</subfield></datafield><datafield ind1="1" ind2=" " tag="490"><subfield code="6">880-03</subfield><subfield code="a">Intish&#257;r&#257;t-i D&#257;nishg&#257;h-i Tihr&#257;n ;</subfield><subfield code="v">402</subfield></datafield><datafield ind1=" " ind2=" " tag="500"><subfield code="a">In Arabic.</subfield></datafield><datafield ind1=" " ind2=" " tag="500"><subfield code="a">Includes introd. in Persian.</subfield></datafield><datafield ind1=" " ind2=" " tag="500"><subfield code="a">Part of the Arabic Collections Online (ACO) project, contributed by New York Univeristy Libraries.</subfield></datafield><datafield ind1=" " ind2=" " tag="504"><subfield code="a">Includes bibliographical references.</subfield></datafield><datafield ind1=" " ind2=" " tag="533"><subfield code="a">Electronic reproduction.</subfield><subfield code="b">New York, N.Y. :</subfield><subfield code="c">New York University,</subfield><subfield code="d">2015.</subfield><subfield code="5">NNU</subfield></datafield><datafield ind1=" " ind2="0" tag="650"><subfield code="a">Arabic poetry</subfield><subfield code="z">Iran.</subfield></datafield><datafield ind1="1" ind2=" " tag="700"><subfield code="6">880-04</subfield><subfield code="a">T&#363;ysirk&#257;n&#299;, Q&#257;sim</subfield></datafield><datafield ind1="2" ind2=" " tag="710"><subfield code="a">New York University.</subfield><subfield code="b">Libraries.</subfield></datafield><datafield ind1="0" ind2=" " tag="730"><subfield code="a">Arabic Collections Online.</subfield></datafield><datafield ind1="0" ind2="8" tag="776"><subfield code="i">Print version:</subfield><subfield code="t">&#699;Adad min bulagh&#257;&#700; &#298;r&#257;n f&#299; lughah al-&#699;Arab</subfield><subfield code="w">(NNU)001699420</subfield></datafield><datafield ind1="4" ind2="0" tag="856"><subfield code="u">http://hdl.handle.net/2333.1/0vt4bbs3</subfield></datafield><datafield ind1="0" ind2="0" tag="880"><subfield code="6">245-01/</subfield><subfield code="a">&#1593;&#1583;&#1583; &#1605;&#1606; &#1576;&#1604;&#1594;&#1575;&#1569; &#1575;&#1610;&#1585;&#1575;&#1606; &#1575;&#1594;&#1577; &#1575;&#1604;&#1593;&#1585;&#1576; :</subfield><subfield code="b">&#1608;&#1606;&#1582;&#1576; &#1605;&#1606; &#1570;&#1579;&#1575;&#1585;&#1607;&#1605; /</subfield><subfield code="c">&#1602;&#1575;&#1587;&#1605; &#1578;&#1608;&#1610;&#1587;&#1585;&#1603;&#1575;&#1606;&#1610;.</subfield></datafield><datafield ind1=" " ind2=" " tag="880"><subfield code="6">260-02/</subfield><subfield code="a">&#1591;&#1607;&#1585;&#1575;&#1606; :</subfield><subfield code="b">&#65533;&#1575;&#65533;&#1582;&#1575;&#1606;&#65533; &#1583;&#1575;&#1606;&#1588;&#65533;&#1575;&#1607;&#1548;</subfield><subfield code="c">&#1633;&#1635;&#1635;&#1638;.</subfield></datafield><datafield ind1="0" ind2=" " tag="880"><subfield code="6">490-03/</subfield><subfield code="a">&#1575;&#1606;&#1578;&#1588;&#1575;&#1585;&#1575;&#1578; &#1583;&#1575;&#1606;&#1588;&#65533;&#1575;&#1607; &#1578;&#1607;&#1585;&#1575;&#1606; &#1563;</subfield><subfield code="v">&#1636;&#1632;&#1634;</subfield></datafield><datafield ind1="0" ind2=" " tag="880"><subfield code="6">700-04/</subfield><subfield code="a">&#1602;&#1575;&#1587;&#1605; &#1578;&#1608;&#1610;&#1587;&#1585;&#1603;&#1575;&#1606;&#1610;.</subfield></datafield><datafield ind1=" " ind2="0" tag="830"><subfield code="a">Publications de l'Universit&#233; de Tehran ;</subfield><subfield code="v">no. 402.</subfield></datafield><datafield ind1=" " ind2="0" tag="830"><subfield code="6">880-05</subfield><subfield code="a">Publications de l'Universit&#233; de Tehran</subfield><subfield code="v">402.</subfield></datafield><datafield ind1=" " ind2="0" tag="880"><subfield code="6">830-05/</subfield><subfield code="a">&#1575;&#1606;&#1578;&#1588;&#1575;&#1585;&#1575;&#1578; &#1583;&#1575;&#1606;&#1588;&#65533;&#1575;&#1607; &#1578;&#1607;&#1585;&#1575;&#1606; &#1563;</subfield><subfield code="v">&#1636;&#1632;&#1634;</subfield></datafield><datafield ind1=" " ind2=" " tag="959"><subfield code="a">NNU</subfield><subfield code="b">WEB</subfield><subfield code="c">GENI</subfield><subfield code="t">0</subfield><subfield code="m">Electronic access</subfield><subfield code="s">01</subfield></datafield><datafield ind1=" " ind2=" " tag="999"><subfield code="i">NNU_001699420</subfield><subfield code="s">nyu_aco000591</subfield><subfield code="e">(ERROR-880)(ERROR-MISC)</subfield></datafield></record>